@article{tw_concept_compr,
  title={Towards conceptual compression},
  author={Gregor, Karol and Besse, Frederic and Jimenez Rezende, Danilo and Danihelka, Ivo and Wierstra, Daan},
  journal={Advances in neural information processing systems},
  volume={29},
  year={2016}
}

@article{note_on_eval,
  title={A note on the evaluation of generative models},
  author={Theis, Lucas and Oord, A{\"a}ron van den and Bethge, Matthias},
  journal={arXiv preprint arXiv:1511.01844},
  year={2015}
}

https://bjlkeng.io/posts/a-note-on-using-log-likelihood-for-generative-models/