@article{ILSVRC15,
  author  = {Olga Russakovsky and Jia Deng and Hao Su and Jonathan Krause and Sanjeev Satheesh and Sean Ma and Zhiheng Huang and Andrej Karpathy and Aditya Khosla and Michael Bernstein and Alexander C. Berg and Li Fei-Fei},
  title   = {{ImageNet Large Scale Visual Recognition Challenge}},
  year    = {2015},
  journal = {International Journal of Computer Vision (IJCV)},
  doi     = {10.1007/s11263-015-0816-y},
  volume  = {115},
  number  = {3},
  pages   = {211-252}
}

@misc{resnet,
  title         = {Deep Residual Learning for Image Recognition},
  author        = {Kaiming He and Xiangyu Zhang and Shaoqing Ren and Jian Sun},
  year          = {2015},
  eprint        = {1512.03385},
  archiveprefix = {arXiv},
  primaryclass  = {cs.CV},
  url           = {https://arxiv.org/abs/1512.03385}
}

@book{wordnet,
  title     = {WordNet: An Electronic Lexical Database},
  author    = {Christiane Fellbaum},
  year      = {1998},
  publisher = {Bradford Books},
  url       = {https://mitpress.mit.edu/9780262561167/}
}

@article{cifar10,
  author  = {Krizhevsky, Alex},
  year    = {2012},
  month   = {05},
  pages   = {},
  title   = {Learning Multiple Layers of Features from Tiny Images},
  journal = {University of Toronto}
}

@article{tw_concept_compr,
  title   = {Towards conceptual compression},
  author  = {Gregor, Karol and Besse, Frederic and Jimenez Rezende, Danilo and Danihelka, Ivo and Wierstra, Daan},
  journal = {Advances in neural information processing systems},
  volume  = {29},
  year    = {2016}
}

@article{note_on_eval,
  title   = {A note on the evaluation of generative models},
  author  = {Theis, Lucas and Oord, A{\"a}ron van den and Bethge, Matthias},
  journal = {arXiv preprint arXiv:1511.01844},
  year    = {2015}
}
  @article{shannon,
  title     = {A mathematical theory of communication},
  author    = {Shannon, Claude Elwood},
  journal   = {The Bell system technical journal},
  volume    = {27},
  number    = {3},
  pages     = {379--423},
  year      = {1948},
  publisher = {Nokia Bell Labs}
}
https://bjlkeng.io/posts/a-note-on-using-log-likelihood-for-generative-models/